<?xml version="1.0" encoding="UTF-8"?><record xmlns="http://www.loc.gov/MARC21/slim" xmlns:cinclude="http://apache.org/cocoon/include/1.0" xmlns:zs="http://www.loc.gov/zing/srw/">
  <leader>00959nz  a2200133n  4500</leader>
  <controlfield tag="001">nr 94010728 </controlfield>
  <controlfield tag="003">DLC</controlfield>
  <controlfield tag="005">19951113055201.6</controlfield>
  <controlfield tag="008">940331n| acannaab|          |a ana     c</controlfield>
  <datafield tag="010" ind1=" " ind2=" ">
    <subfield code="a">nr 94010728 </subfield>
  </datafield>
  <datafield tag="040" ind1=" " ind2=" ">
    <subfield code="a">CSt</subfield>
    <subfield code="c">CSt</subfield>
  </datafield>
  <datafield tag="110" ind1="1" ind2="0">
    <subfield code="a">France.</subfield>
    <subfield code="b">Ministère de la culture et de l'environnement.</subfield>
    <subfield code="b">Service des affaires générales.</subfield>
    <subfield code="b">Sous-direction des programmes &amp; études économiques</subfield>
  </datafield>
  <datafield tag="410" ind1="1" ind2="0">
    <subfield code="a">France.</subfield>
    <subfield code="b">Ministère de la culture et de l'environnement.</subfield>
    <subfield code="b">Service des affaires générales.</subfield>
    <subfield code="b">Sous-direction des programmes et études économiques</subfield>
  </datafield>
  <datafield tag="670" ind1=" " ind2=" ">
    <subfield code="a">Enquête expérimentale sur les indicateurs du cadre de vie réalisée dans la région de Rouen, 1977:</subfield>
    <subfield code="b">t.p. (Ministère de la culture et de l'environnement, Service des affaires générales, Sous-direction des programmes &amp; études économiques) cover (Ministère de la culture et de l'environnement, Service des affaires générales, Sous-direction des programmes et études économiques)</subfield>
  </datafield>
</record>